@article{artur2012gama,
  title={A (ir)regularity-aware task scheduler for heterogeneous platforms},
  author={Mariano, Artur and Alves, Ricardo and Barbosa, Joao and Santos, Luis Paulo and Proenca, Alberto},
  year={2012}
}
