@article{jensen1996global,
  title={Global illumination using photon maps},
  author={Jensen, H.W.},
  journal={Rendering Techniques},
  volume={96},
  pages={21--30},
  year={1996}
}

@inproceedings{hachisuka2008progressive,
  title={Progressive photon mapping},
  author={Hachisuka, T. and Ogaki, S. and Jensen, H.W.},
  booktitle={ACM Transactions on Graphics (TOG)},
  volume={27},
  number={5},
  pages={130},
  year={2008},
  organization={ACM}
}

@article{knaus2011progressive,
  title={Progressive photon mapping: A probabilistic approach},
  author={Knaus, C. and Zwicker, M.},
  journal={ACM Transactions on Graphics (TOG)},
  volume={30},
  number={3},
  pages={25},
  year={2011},
  publisher={ACM}
}
