@inproceedings{diamos2008harmony,
  title={Harmony: an execution model and runtime for heterogeneous many core systems},
  author={Diamos, G.F. and Yalamanchili, S.},
  booktitle={Proceedings of the 17th International Symposium on High performance distributed computing},
  pages={197--200},
  year={2008},
  organization={ACM}
}

@techreport{joao2012gama,
  title={GAMA framework: Hardware Aware Scheduling in Heterogeneous Environments},
  author={Barbosa, João},
  organization={Computer Science Dept., University of Texas at Austin},
  school      ={Computer Science Dept., University of Texas at Austin},
  month={September},
  year={2012}
}

@mastersthesis{thesisMariano12,
    author    = {Mariano, A.},
    title     = {Scheduling (ir)regular applications on heterogeneous platforms},
    year      = {2012},
    month    = {September}
}


@inproceedings{artur2012gama,
  title={A (ir)regularity-aware task scheduler for heterogeneous platforms},
  author={Mariano, Artur and Alves, Ricardo and Barbosa, Joao and Santos, Luis Paulo and Proenca, Alberto},
  booktitle={Proceedings of the 2nd International Conference on High Performance Computing},
  address={Kiev},
  pages={45--56},
  year={October 2012}
}

@misc{ricardo2012gama,
  title={Distributed Shared Memory on Heterogeneous CPUs+GPUs Platforms},
  author={Ricardo Daniel Queirós Alves},
  school    = {University of Minho},
  type      = {Master Thesis},
  year={2012}
}
