@article{burtscherquantitative,
  title={A Quantitative Study of Irregular Programs on GPUs},
  author={Burtscher, M. and Nasre, R. and Pingali, K.}
}

@inproceedings{lee2010debunking,
  title={Debunking the 100X GPU vs. CPU myth: an evaluation of throughput computing on CPU and GPU},
  author={Lee, V.W. and Kim, C. and Chhugani, J. and Deisher, M. and Kim, D. and Nguyen, A.D. and Satish, N. and Smelyanskiy, M. and Chennupaty, S. and Hammarlund, P. and others},
  booktitle={ACM SIGARCH Computer Architecture News},
  volume={38},
  number={3},
  pages={451--460},
  year={2010},
  organization={ACM}
}
