@article{dagum1998openmp,
  title={OpenMP: an industry standard API for shared-memory programming},
  author={Dagum, L. and Menon, R.},
  journal={Computational Science \& Engineering, IEEE},
  volume={5},
  number={1},
  pages={46--55},
  year={1998},
  publisher={IEEE}
}

@online{openacc-phi2012,
  author={HPC Wire},
  title={OpenACC Group Reports Expanding Support for Accelerator Programming Standard},
  month={jun},
  year={2012},
  url={http://www.hpcwire.com/hpcwire/2012-06-20/openacc_group_reports_expanding_support_for_accelerator_programming_standard.html}
}

@article{naps2012,
  author={Miguel Palhas and Pedro Costa},
  title={A Finite VOlume Case Study From An Industrial Application},
  year={2012}
}

@article{williams2009roofline,
  title={Roofline: an insightful visual performance model for multicore architectures},
  author={Williams, S. and Waterman, A. and Patterson, D.},
  journal={Communications of the ACM},
  volume={52},
  number={4},
  pages={65--76},
  year={2009},
  publisher={ACM}
}

@article{williams2010roofline,
  title={The Roofline Model},
  author={Williams, S. and Patterson, D. and Oliker, L. and Shalf, J. and Yelick, K.},
  journal={Performance Tuning of Scientific Applications. CRC},
  year={2010}
}
