@inproceedings{appel1968some,
  title={Some techniques for shading machine renderings of solids},
  author={Appel, Arthur},
  booktitle={Proceedings of the April 30--May 2, 1968, spring joint computer conference},
  pages={37--45},
  year={1968},
  organization={ACM}
}

@inproceedings{whitted2005improved,
  title={An improved illumination model for shaded display},
  author={Whitted, Turner},
  booktitle={ACM SIGGRAPH 2005 Courses},
  pages={4},
  year={2005},
  organization={ACM}
}

@article{kajiya1986rendering,
  title={The rendering equation},
  author={Kajiya, J.T.},
  journal={ACM SIGGRAPH Computer Graphics},
  volume={20},
  number={4},
  pages={143--150},
  year={1986},
  publisher={ACM}
}

@book{cohen1993radiosity,
  title={Radiosity and realistic image synthesis},
  author={Cohen, M.F. and Wallace, J.R.},
  year={1993},
  publisher={Morgan Kaufmann}
}

@inproceedings{veach1997metropolis,
  title={Metropolis light transport},
  author={Veach, E. and Guibas, L.J.},
  booktitle={Proceedings of the 24th annual conference on Computer graphics and interactive techniques},
  pages={65--76},
  year={1997},
  organization={ACM Press/Addison-Wesley Publishing Co.}
}

@article{johanssonmonte,
  title={MONTE CARLO PATH TRACING},
  author={Johansson-Eveg{\aa}rd, E.}
}

@inproceedings{jensen2003monte,
  title={Monte Carlo ray tracing},
  author={Jensen, Henrik Wann and Arvo, James and Dutre, Phil and Keller, Alexander and Owen, Art and Pharr, Matt and Shirley, Peter},
  booktitle={ACM SIGGRAPH},
  year={2003}
}

@article{chen1991progressive,
  title={A progressive multi-pass method for global illumination},
  author={Chen, S.E. and Rushmeier, H.E. and Miller, G. and Turner, D.},
  journal={ACM SIGGRAPH Computer Graphics},
  volume={25},
  number={4},
  pages={165--174},
  year={1991},
  publisher={ACM}
}

@inproceedings{shirley1990ray,
  title={A ray tracing method for illumination calculation in di use-specular scenes},
  author={Shirley, P.},
  booktitle={Proceedings of Graphics Interface},
  volume={90},
  pages={205--212},
  year={1990}
}

@book{wallace1987two,
  title={A two-pass solution to the rendering equation: A synthesis of ray tracing and radiosity methods},
  author={Wallace, J.R. and Cohen, M.F. and Greenberg, D.P.},
  volume={21},
  number={4},
  year={1987},
  publisher={ACM}
}

@article{jensen1996global,
  title={Global illumination using photon maps},
  author={Jensen, H.W.},
  journal={Rendering Techniques},
  volume={96},
  pages={21--30},
  year={1996}
}

@inproceedings{suykens2000adaptive,
  title={Adaptive filtering for progressive monte carlo image rendering},
  author={Suykens, F. and Willems, Y.D.},
  booktitle={WSCG 2000 Conference Proceedings},
  year={2000}
}

@inproceedings{havran2005fast,
  title={Fast final gathering via reverse photon mapping},
  author={Havran, V. and Herzog, R. and Seidel, H.P.},
  booktitle={Computer Graphics Forum},
  volume={24},
  number={3},
  pages={323--332},
  year={2005},
  organization={Wiley Online Library}
}

@inproceedings{hachisuka2008progressive,
  title={Progressive photon mapping},
  author={Hachisuka, T. and Ogaki, S. and Jensen, H.W.},
  booktitle={ACM Transactions on Graphics (TOG)},
  volume={27},
  number={5},
  pages={130},
  year={2008},
  organization={ACM}
}

@article{jensenstochastic,
  title={Stochastic Progressive photon mapping},
  author={Hachisuka, T. and Jensen, H.W.}
}

@article{knaus2011progressive,
  title={Progressive photon mapping: A probabilistic approach},
  author={Knaus, C. and Zwicker, M.},
  journal={ACM Transactions on Graphics (TOG)},
  volume={30},
  number={3},
  pages={25},
  year={2011},
  publisher={ACM}
}

@inproceedings{lafortune1993bi,
  title={Bi-directional path tracing},
  author={Lafortune, Eric P and Willems, Yves D},
  booktitle={Proceedings of CompuGraphics},
  volume={93},
  pages={145--153},
  year={1993}
}


@InProceedings{Stich2009hpg,
  author =    {Martin Stich and Heiko Friedrich and Andreas Dietrich},
  title =     {Spatial Splits in Bounding Volume Hierarchies},
  booktitle = {Proc. High-Performance Graphics 2009},
  OPTpages =     {xx--yy},
  year =      {2009},
}

@inproceedings{dammertz2008shallow,
  title={Shallow bounding volume hierarchies for fast SIMD ray tracing of incoherent rays},
  author={Dammertz, Holger and Hanika, Johannes and Keller, Alexander},
  booktitle={Computer Graphics Forum},
  volume={27},
  number={4},
  pages={1225--1233},
  year={2008},
  organization={Wiley Online Library}
}

@article{parker2010optix,
  title={Optix: a general purpose ray tracing engine},
  author={Parker, Steven G and Bigler, James and Dietrich, Andreas and Friedrich, Heiko and Hoberock, Jared and Luebke, David and McAllister, David and McGuire, Morgan and Morley, Keith and Robison, Austin and others},
  journal={ACM Transactions on Graphics (TOG)},
  volume={29},
  number={4},
  pages={66},
  year={2010},
  publisher={ACM}
}

@phdthesis{huss2004real,
  title={Real Time Ray Tracing},
  author={Huss, Niklas},
  year={2004},
  school={Linnaeus University, Faculty of Science and Engineering, School of Computer Science, Physics and Mathematics}
}
