@misc{roberto_verbal,
  author = "Roberto Ribeiro",
  date = "2013",
  howpublished="private communication"
}
